%YAML 1.1
%TAG !u! tag:unity3d.com,2011:
--- !u!114 &267033779139712707
MonoBehaviour:
  m_ObjectHideFlags: 0
  m_CorrespondingSourceObject: {fileID: 0}
  m_PrefabInstance: {fileID: 0}
  m_PrefabAsset: {fileID: 0}
  m_GameObject: {fileID: 4545351766200201340}
  m_Enabled: 1
  m_EditorHideFlags: 0
  m_Script: {fileID: 11500000, guid: 4eabd5c1f0f09bd469eb10d049247e22, type: 3}
  m_Name: 
  m_EditorClassIdentifier: 
  multiplier: 1.5
  duration: 5
  pickupEffect: {fileID: 100000, guid: 77ec3c4e07a36814fb3169ecef41b50a, type: 3}
--- !u!1 &8942825153883190834
GameObject:
  m_ObjectHideFlags: 0
  m_CorrespondingSourceObject: {fileID: 0}
  m_PrefabInstance: {fileID: 0}
  m_PrefabAsset: {fileID: 0}
  serializedVersion: 6
  m_Component:
  - component: {fileID: 6833557279824661523}
  - component: {fileID: 5685273914864376392}
  - component: {fileID: 76003286932720624}
  - component: {fileID: 5246405197268201905}
  m_Layer: 0
  m_Name: Ground12
  m_TagString: Untagged
  m_Icon: {fileID: 0}
  m_NavMeshLayer: 0
  m_StaticEditorFlags: 0
  m_IsActive: 1
--- !u!4 &6833557279824661523
Transform:
  m_ObjectHideFlags: 0
  m_CorrespondingSourceObject: {fileID: 0}
  m_PrefabInstance: {fileID: 0}
  m_PrefabAsset: {fileID: 0}
  m_GameObject: {fileID: 8942825153883190834}
  m_LocalRotation: {x: 0, y: 0, z: 0, w: 1}
  m_LocalPosition: {x: 0, y: 0, z: 0}
  m_LocalScale: {x: 15, y: 1, z: 100}
  m_Children:
  - {fileID: 4121070458489782789}
  - {fileID: 1172534944350958973}
  - {fileID: 4546926043562776672}
  m_Father: {fileID: 0}
  m_RootOrder: 0
  m_LocalEulerAnglesHint: {x: 0, y: 0, z: 0}
--- !u!33 &5685273914864376392
MeshFilter:
  m_ObjectHideFlags: 0
  m_CorrespondingSourceObject: {fileID: 0}
  m_PrefabInstance: {fileID: 0}
  m_PrefabAsset: {fileID: 0}
  m_GameObject: {fileID: 8942825153883190834}
  m_Mesh: {fileID: 10202, guid: 0000000000000000e000000000000000, type: 0}
--- !u!23 &76003286932720624
MeshRenderer:
  m_ObjectHideFlags: 0
  m_CorrespondingSourceObject: {fileID: 0}
  m_PrefabInstance: {fileID: 0}
  m_PrefabAsset: {fileID: 0}
  m_GameObject: {fileID: 8942825153883190834}
  m_Enabled: 1
  m_CastShadows: 1
  m_ReceiveShadows: 1
  m_DynamicOccludee: 1
  m_MotionVectors: 1
  m_LightProbeUsage: 1
  m_ReflectionProbeUsage: 1
  m_RayTracingMode: 2
  m_RenderingLayerMask: 1
  m_RendererPriority: 0
  m_Materials:
  - {fileID: 2100000, guid: 5586557a04f73bb4395603c2ce4c6134, type: 2}
  m_StaticBatchInfo:
    firstSubMesh: 0
    subMeshCount: 0
  m_StaticBatchRoot: {fileID: 0}
  m_ProbeAnchor: {fileID: 0}
  m_LightProbeVolumeOverride: {fileID: 0}
  m_ScaleInLightmap: 1
  m_ReceiveGI: 1
  m_PreserveUVs: 0
  m_IgnoreNormalsForChartDetection: 0
  m_ImportantGI: 0
  m_StitchLightmapSeams: 1
  m_SelectedEditorRenderState: 3
  m_MinimumChartSize: 4
  m_AutoUVMaxDistance: 0.5
  m_AutoUVMaxAngle: 89
  m_LightmapParameters: {fileID: 0}
  m_SortingLayerID: 0
  m_SortingLayer: 0
  m_SortingOrder: 0
--- !u!65 &5246405197268201905
BoxCollider:
  m_ObjectHideFlags: 0
  m_CorrespondingSourceObject: {fileID: 0}
  m_PrefabInstance: {fileID: 0}
  m_PrefabAsset: {fileID: 0}
  m_GameObject: {fileID: 8942825153883190834}
  m_Material: {fileID: 0}
  m_IsTrigger: 0
  m_Enabled: 1
  serializedVersion: 2
  m_Size: {x: 1, y: 1, z: 1}
  m_Center: {x: 0, y: 0, z: 0}
--- !u!1001 &1836870146447571929
PrefabInstance:
  m_ObjectHideFlags: 0
  serializedVersion: 2
  m_Modification:
    m_TransformParent: {fileID: 6833557279824661523}
    m_Modifications:
    - target: {fileID: 8586165672288105705, guid: 8ebd1a1122d139c4eb2b95dc571780ce,
        type: 3}
      propertyPath: m_Name
      value: obstacle6 (3)
      objectReference: {fileID: 0}
    - target: {fileID: 664406269184151204, guid: 8ebd1a1122d139c4eb2b95dc571780ce,
        type: 3}
      propertyPath: m_LocalPosition.x
      value: 0
      objectReference: {fileID: 0}
    - target: {fileID: 664406269184151204, guid: 8ebd1a1122d139c4eb2b95dc571780ce,
        type: 3}
      propertyPath: m_LocalPosition.y
      value: 1.5
      objectReference: {fileID: 0}
    - target: {fileID: 664406269184151204, guid: 8ebd1a1122d139c4eb2b95dc571780ce,
        type: 3}
      propertyPath: m_LocalPosition.z
      value: 0
      objectReference: {fileID: 0}
    - target: {fileID: 664406269184151204, guid: 8ebd1a1122d139c4eb2b95dc571780ce,
        type: 3}
      propertyPath: m_LocalRotation.x
      value: -0
      objectReference: {fileID: 0}
    - target: {fileID: 664406269184151204, guid: 8ebd1a1122d139c4eb2b95dc571780ce,
        type: 3}
      propertyPath: m_LocalRotation.y
      value: -0
      objectReference: {fileID: 0}
    - target: {fileID: 664406269184151204, guid: 8ebd1a1122d139c4eb2b95dc571780ce,
        type: 3}
      propertyPath: m_LocalRotation.z
      value: -0
      objectReference: {fileID: 0}
    - target: {fileID: 664406269184151204, guid: 8ebd1a1122d139c4eb2b95dc571780ce,
        type: 3}
      propertyPath: m_LocalRotation.w
      value: 1
      objectReference: {fileID: 0}
    - target: {fileID: 664406269184151204, guid: 8ebd1a1122d139c4eb2b95dc571780ce,
        type: 3}
      propertyPath: m_RootOrder
      value: 1
      objectReference: {fileID: 0}
    - target: {fileID: 664406269184151204, guid: 8ebd1a1122d139c4eb2b95dc571780ce,
        type: 3}
      propertyPath: m_LocalEulerAnglesHint.x
      value: 0
      objectReference: {fileID: 0}
    - target: {fileID: 664406269184151204, guid: 8ebd1a1122d139c4eb2b95dc571780ce,
        type: 3}
      propertyPath: m_LocalEulerAnglesHint.y
      value: 0
      objectReference: {fileID: 0}
    - target: {fileID: 664406269184151204, guid: 8ebd1a1122d139c4eb2b95dc571780ce,
        type: 3}
      propertyPath: m_LocalEulerAnglesHint.z
      value: 0
      objectReference: {fileID: 0}
    - target: {fileID: 664406269184151204, guid: 8ebd1a1122d139c4eb2b95dc571780ce,
        type: 3}
      propertyPath: m_LocalScale.x
      value: 0.33333334
      objectReference: {fileID: 0}
    - target: {fileID: 664406269184151204, guid: 8ebd1a1122d139c4eb2b95dc571780ce,
        type: 3}
      propertyPath: m_LocalScale.z
      value: 0.02
      objectReference: {fileID: 0}
    - target: {fileID: 3468454397941888172, guid: 8ebd1a1122d139c4eb2b95dc571780ce,
        type: 3}
      propertyPath: selfMove.Array.data[0]
      value: 
      objectReference: {fileID: 0}
    - target: {fileID: 3468454397941888172, guid: 8ebd1a1122d139c4eb2b95dc571780ce,
        type: 3}
      propertyPath: selfMove.Array.data[1]
      value: 
      objectReference: {fileID: 0}
    m_RemovedComponents: []
  m_SourcePrefab: {fileID: 100100000, guid: 8ebd1a1122d139c4eb2b95dc571780ce, type: 3}
--- !u!4 &1172534944350958973 stripped
Transform:
  m_CorrespondingSourceObject: {fileID: 664406269184151204, guid: 8ebd1a1122d139c4eb2b95dc571780ce,
    type: 3}
  m_PrefabInstance: {fileID: 1836870146447571929}
  m_PrefabAsset: {fileID: 0}
--- !u!1001 &3952321226061715760
PrefabInstance:
  m_ObjectHideFlags: 0
  serializedVersion: 2
  m_Modification:
    m_TransformParent: {fileID: 6833557279824661523}
    m_Modifications:
    - target: {fileID: 1146602102748273461, guid: 93e66aeeb3285064a94bb98a9ea88e0d,
        type: 3}
      propertyPath: m_LocalPosition.x
      value: 0.33333334
      objectReference: {fileID: 0}
    - target: {fileID: 1146602102748273461, guid: 93e66aeeb3285064a94bb98a9ea88e0d,
        type: 3}
      propertyPath: m_LocalPosition.y
      value: 1.5
      objectReference: {fileID: 0}
    - target: {fileID: 1146602102748273461, guid: 93e66aeeb3285064a94bb98a9ea88e0d,
        type: 3}
      propertyPath: m_LocalPosition.z
      value: -0.25
      objectReference: {fileID: 0}
    - target: {fileID: 1146602102748273461, guid: 93e66aeeb3285064a94bb98a9ea88e0d,
        type: 3}
      propertyPath: m_LocalRotation.x
      value: -0
      objectReference: {fileID: 0}
    - target: {fileID: 1146602102748273461, guid: 93e66aeeb3285064a94bb98a9ea88e0d,
        type: 3}
      propertyPath: m_LocalRotation.y
      value: -0
      objectReference: {fileID: 0}
    - target: {fileID: 1146602102748273461, guid: 93e66aeeb3285064a94bb98a9ea88e0d,
        type: 3}
      propertyPath: m_LocalRotation.z
      value: -0
      objectReference: {fileID: 0}
    - target: {fileID: 1146602102748273461, guid: 93e66aeeb3285064a94bb98a9ea88e0d,
        type: 3}
      propertyPath: m_LocalRotation.w
      value: 1
      objectReference: {fileID: 0}
    - target: {fileID: 1146602102748273461, guid: 93e66aeeb3285064a94bb98a9ea88e0d,
        type: 3}
      propertyPath: m_RootOrder
      value: 0
      objectReference: {fileID: 0}
    - target: {fileID: 1146602102748273461, guid: 93e66aeeb3285064a94bb98a9ea88e0d,
        type: 3}
      propertyPath: m_LocalEulerAnglesHint.x
      value: 0
      objectReference: {fileID: 0}
    - target: {fileID: 1146602102748273461, guid: 93e66aeeb3285064a94bb98a9ea88e0d,
        type: 3}
      propertyPath: m_LocalEulerAnglesHint.y
      value: 0
      objectReference: {fileID: 0}
    - target: {fileID: 1146602102748273461, guid: 93e66aeeb3285064a94bb98a9ea88e0d,
        type: 3}
      propertyPath: m_LocalEulerAnglesHint.z
      value: 0
      objectReference: {fileID: 0}
    - target: {fileID: 1146602102748273461, guid: 93e66aeeb3285064a94bb98a9ea88e0d,
        type: 3}
      propertyPath: m_LocalScale.x
      value: 0.33333334
      objectReference: {fileID: 0}
    - target: {fileID: 1146602102748273461, guid: 93e66aeeb3285064a94bb98a9ea88e0d,
        type: 3}
      propertyPath: m_LocalScale.z
      value: 0.25
      objectReference: {fileID: 0}
    - target: {fileID: 2095576798718059629, guid: 93e66aeeb3285064a94bb98a9ea88e0d,
        type: 3}
      propertyPath: m_Name
      value: Obstacle3
      objectReference: {fileID: 0}
    m_RemovedComponents: []
  m_SourcePrefab: {fileID: 100100000, guid: 93e66aeeb3285064a94bb98a9ea88e0d, type: 3}
--- !u!4 &4121070458489782789 stripped
Transform:
  m_CorrespondingSourceObject: {fileID: 1146602102748273461, guid: 93e66aeeb3285064a94bb98a9ea88e0d,
    type: 3}
  m_PrefabInstance: {fileID: 3952321226061715760}
  m_PrefabAsset: {fileID: 0}
--- !u!1001 &4546340773029226250
PrefabInstance:
  m_ObjectHideFlags: 0
  serializedVersion: 2
  m_Modification:
    m_TransformParent: {fileID: 6833557279824661523}
    m_Modifications:
    - target: {fileID: 1000010921973622, guid: af16961524284e54491133548920258b, type: 3}
      propertyPath: m_Name
      value: SphereGemSmall
      objectReference: {fileID: 0}
    - target: {fileID: 4000011134189418, guid: af16961524284e54491133548920258b, type: 3}
      propertyPath: m_LocalPosition.x
      value: -0.054888483
      objectReference: {fileID: 0}
    - target: {fileID: 4000011134189418, guid: af16961524284e54491133548920258b, type: 3}
      propertyPath: m_LocalPosition.y
      value: 3.8
      objectReference: {fileID: 0}
    - target: {fileID: 4000011134189418, guid: af16961524284e54491133548920258b, type: 3}
      propertyPath: m_LocalPosition.z
      value: 0.11792
      objectReference: {fileID: 0}
    - target: {fileID: 4000011134189418, guid: af16961524284e54491133548920258b, type: 3}
      propertyPath: m_LocalRotation.x
      value: -0.7071068
      objectReference: {fileID: 0}
    - target: {fileID: 4000011134189418, guid: af16961524284e54491133548920258b, type: 3}
      propertyPath: m_LocalRotation.y
      value: -0
      objectReference: {fileID: 0}
    - target: {fileID: 4000011134189418, guid: af16961524284e54491133548920258b, type: 3}
      propertyPath: m_LocalRotation.z
      value: -0
      objectReference: {fileID: 0}
    - target: {fileID: 4000011134189418, guid: af16961524284e54491133548920258b, type: 3}
      propertyPath: m_LocalRotation.w
      value: 0.7071068
      objectReference: {fileID: 0}
    - target: {fileID: 4000011134189418, guid: af16961524284e54491133548920258b, type: 3}
      propertyPath: m_RootOrder
      value: 2
      objectReference: {fileID: 0}
    - target: {fileID: 4000011134189418, guid: af16961524284e54491133548920258b, type: 3}
      propertyPath: m_LocalEulerAnglesHint.x
      value: -90
      objectReference: {fileID: 0}
    - target: {fileID: 4000011134189418, guid: af16961524284e54491133548920258b, type: 3}
      propertyPath: m_LocalEulerAnglesHint.y
      value: 0
      objectReference: {fileID: 0}
    - target: {fileID: 4000011134189418, guid: af16961524284e54491133548920258b, type: 3}
      propertyPath: m_LocalEulerAnglesHint.z
      value: 0
      objectReference: {fileID: 0}
    - target: {fileID: 4000011134189418, guid: af16961524284e54491133548920258b, type: 3}
      propertyPath: m_LocalScale.x
      value: 0.10000001
      objectReference: {fileID: 0}
    - target: {fileID: 4000011134189418, guid: af16961524284e54491133548920258b, type: 3}
      propertyPath: m_LocalScale.y
      value: 0.015000001
      objectReference: {fileID: 0}
    - target: {fileID: 4000011134189418, guid: af16961524284e54491133548920258b, type: 3}
      propertyPath: m_LocalScale.z
      value: 1.5000001
      objectReference: {fileID: 0}
    m_RemovedComponents: []
  m_SourcePrefab: {fileID: 100100000, guid: af16961524284e54491133548920258b, type: 3}
--- !u!1 &4545351766200201340 stripped
GameObject:
  m_CorrespondingSourceObject: {fileID: 1000010921973622, guid: af16961524284e54491133548920258b,
    type: 3}
  m_PrefabInstance: {fileID: 4546340773029226250}
  m_PrefabAsset: {fileID: 0}
--- !u!4 &4546926043562776672 stripped
Transform:
  m_CorrespondingSourceObject: {fileID: 4000011134189418, guid: af16961524284e54491133548920258b,
    type: 3}
  m_PrefabInstance: {fileID: 4546340773029226250}
  m_PrefabAsset: {fileID: 0}
